<?xml version="1.0" encoding="UTF-8"?>
<OAI-PMH xmlns="http://www.openarchives.org/OAI/2.0/" xmlns:xsi="http://www.w3.org/2001/XMLSchema-instance" xsi:schemaLocation="http://www.openarchives.org/OAI/2.0/ http://www.openarchives.org/OAI/2.0/OAI-PMH.xsd">
<ListRecords>
<record>
<header status="updated">
<identifier>urm_publish:71287500980002121</identifier>
</header>
<metadata>
<record xmlns="http://www.loc.gov/MARC21/slim" xmlns:xsi="http://www.w3.org/2001/XMLSchema-instance" xsi:schemaLocation="http://www.loc.gov/MARC21/slim http://www.loc.gov/standards/marcxml/schema/MARC21slim.xsd" ><leader>01219cas a22003137  4500</leader><controlfield tag="005">20150327144733.0</controlfield><controlfield tag="008">810623c1uuu9999xx uu         0uuua0eng d</controlfield><controlfield tag="001">999572872202121</controlfield><datafield tag="035" ind1=" " ind2=" "><subfield code="a">(OCoLC)07523743</subfield></datafield><datafield tag="035" ind1=" " ind2=" "><subfield code="9">AGB8907UW</subfield></datafield><datafield tag="035" ind1=" " ind2=" "><subfield code="a">(WU)1080357-uwmadisondb</subfield></datafield><datafield tag="040" ind1=" " ind2=" "><subfield code="a">PLF</subfield><subfield code="b">eng</subfield><subfield code="c">PLF</subfield><subfield code="d">GZM</subfield></datafield><datafield tag="090" ind1=" " ind2=" "><subfield code="a">G1204.A1</subfield><subfield code="b">A4</subfield></datafield><datafield tag="092" ind1=" " ind2=" "><subfield code="a">912.73</subfield><subfield code="b">C58b</subfield></datafield><datafield tag="245" ind1="0" ind2="0"><subfield code="a">Cleartype business control atlas, United States and Canada.</subfield></datafield><datafield tag="246" ind1="1" ind2="3"><subfield code="a">Cleartype business control atlas of the United States, including Alaska and Hawaii, and Canada</subfield><subfield code="f">1969-1981</subfield></datafield><datafield tag="246" ind1="1" ind2="0"><subfield code="a">Business control atlas of the United States and Canada</subfield></datafield><datafield tag="246" ind1="1" ind2="3"><subfield code="a">Cleartype business control atlas of the United States and Canada</subfield><subfield code="f">&lt;1962&gt;,&lt;1968&gt;, 1982-1983</subfield></datafield><datafield tag="260" ind1=" " ind2=" "><subfield code="a">New York :</subfield><subfield code="b">American Map Co..</subfield></datafield><datafield tag="300" ind1=" " ind2=" "><subfield code="a">volumes ;</subfield><subfield code="c">28 cm</subfield></datafield><datafield tag="336" ind1=" " ind2=" "><subfield code="a">text</subfield><subfield code="b">txt</subfield><subfield code="2">rdacontent</subfield></datafield><datafield tag="337" ind1=" " ind2=" "><subfield code="a">unmediated</subfield><subfield code="b">n</subfield><subfield code="2">rdamedia</subfield></datafield><datafield tag="338" ind1=" " ind2=" "><subfield code="a">volume</subfield><subfield code="b">nc</subfield><subfield code="2">rdacarrier</subfield></datafield><datafield tag="500" ind1=" " ind2=" "><subfield code="a">Vols. for 1982-  published in Maspeth, N.Y. by American Map Corp.</subfield></datafield><datafield tag="650" ind1=" " ind2="0"><subfield code="a">Cities and towns</subfield><subfield code="z">United States</subfield><subfield code="v">Maps.</subfield><subfield code="2">LCSH</subfield><subfield code="0">41-LIBRARY_OF_CONGRESS-sh2008100814</subfield><subfield code="9">Y</subfield></datafield><datafield tag="650" ind1=" " ind2="0"><subfield code="a">Cities and towns</subfield><subfield code="z">Canada</subfield><subfield code="v">Maps.</subfield><subfield code="2">LCSH</subfield><subfield code="0">41-LIBRARY_OF_CONGRESS-sh2009119758</subfield><subfield code="9">Y</subfield></datafield><datafield tag="710" ind1="2" ind2=" "><subfield code="a">American Map Company (New York, N.Y.)</subfield><subfield code="2">LCNAMES</subfield><subfield code="0">41-LIBRARY_OF_CONGRESS-n  80085291</subfield><subfield code="9">Y</subfield></datafield><datafield tag="710" ind1="2" ind2=" "><subfield code="a">American Map Corporation (Maspeth, N.Y.)</subfield><subfield code="2">LCNAMES</subfield></datafield><datafield tag="997" ind1=" " ind2=" "><subfield code="a">MARCIVE</subfield></datafield><datafield tag="710" ind1="2" ind2=" "><subfield code="w">nnaa</subfield><subfield code="a">American Map Company, inc., New York.</subfield><subfield code="2">LCNAMES</subfield><subfield code="0">41-LIBRARY_OF_CONGRESS-n  80085291</subfield><subfield code="9">N</subfield></datafield><datafield tag="710" ind1="2" ind2=" "><subfield code="w">b</subfield><subfield code="a">American Map Corporation</subfield><subfield code="2">LCNAMES</subfield><subfield code="0">41-LIBRARY_OF_CONGRESS-n  80085291</subfield><subfield code="9">R</subfield></datafield><datafield tag="INST" ind1=" " ind2=" "><subfield code="a">01UWI_NETWORK</subfield><subfield code="b">P</subfield><subfield code="c">71287500980002121</subfield></datafield><datafield tag="INST" ind1=" " ind2=" "><subfield code="a">01UWI_MAD</subfield><subfield code="b">P</subfield><subfield code="c">21516748670002122</subfield></datafield><datafield tag="AVA" ind1=" " ind2=" "><subfield code="0">9910803573602122</subfield><subfield code="8">22854729010002122</subfield><subfield code="a">01UWI_MAD</subfield><subfield code="b">REMOTE</subfield><subfield code="c">by request only</subfield><subfield code="d">G1204 A1 A4</subfield><subfield code="e">available</subfield><subfield code="f">2</subfield><subfield code="g">0</subfield><subfield code="j">vsf</subfield><subfield code="k">0</subfield><subfield code="p">1</subfield><subfield code="q">Verona Shelving Facility</subfield><subfield code="t">1968</subfield><subfield code="t">1984</subfield></datafield><datafield tag="AVA" ind1=" " ind2=" "><subfield code="0">9910803573602122</subfield><subfield code="8">22516748630002122</subfield><subfield code="a">01UWI_MAD</subfield><subfield code="b">MAP</subfield><subfield code="c">Bookshelves</subfield><subfield code="d">G1204.A1 1969 A4</subfield><subfield code="e">check_holdings</subfield><subfield code="j">bkshelf</subfield><subfield code="k">0</subfield><subfield code="p">2</subfield><subfield code="q">Map Library (Robinson)</subfield><subfield code="t">1969</subfield></datafield><datafield tag="MMS" ind1=" " ind2=" "><subfield code="b">999572872202121</subfield><subfield code="a">01UWI_NETWORK</subfield></datafield><datafield tag="MMS" ind1=" " ind2=" "><subfield code="b">9910803573602122</subfield><subfield code="a">01UWI_MAD</subfield></datafield><datafield tag="BBB" ind1="0" ind2="1"><subfield code="x">cmh*</subfield><subfield code="8">22854729010002122</subfield><subfield code="A">01UWI_MAD</subfield></datafield></record>
</metadata>
</record>
</ListRecords>
</OAI-PMH>